%
% Temperature modeling
%
@article{skadron2004,
 author = {Skadron, K. and Stan, M. R. and Sankaranarayanan, K. and Huang, W. and Velusamy, S. and Tarjan, D.},
 title = {Temperature-aware Microarchitecture: Modeling and Implementation},
 journal = {ACM Transactions on Architecture and Code Optimization},
 volume = 1,
 number = 1,
 month = {March},
 year = 2004,
 pages = {94--125}
}

%
% Power modeling
%
@inproceedings{liu2007,
  author = {Liu, Y. and Dick, R. and Shang, L. and Yang, H.},
  title = {Accurate Temperature-dependent Integrated Circuit Leakage Power Estimation is Easy},
  booktitle = {DATE},
  year = 2007,
  pages = {1526--1531}
}

%
% Process variation
%
@book{srivastava2010,
  author = {Srivastava, A. and Sylvester, D. and Blaauw, D.},
  title = {Statistical Analysis and Optimization for {VLSI}: Timing and Power},
  publisher = {Springer},
  year = 2010
}

%
% Probability theory
%
@book{durrett2010,
  author = {Durrett, R.},
  title = {Probability: Theory and Examples},
  publisher = {Cambridge University Press},
  year = 2010
}

@book{janson1997,
  author = {Janson, S.},
  title = {Gaussian Hilbert Spaces},
  publisher = {Cambridge University Press},
  year = 1997
}

%
% Uncertainty quantification
%
@book{maitre2010,
  author = {Ma\^{i}tre, O. Le and Knio, O.},
  title = {Spectral Methods for Uncertainty Quantification With Applications to Computational Fluid Dynamics},
  publisher = {Springer},
  year = 2010
}

@inproceedings{eldred2008,
  author = {Eldred, M. and Webster, C. and Constantine, P.},
  title = {Evaluation of Non-intrusive Approaches for Wiener-Askey Generalized Polynomial Chaos},
  booktitle = {Structures, Structural Dynamics, and Materials Conference},
  month = {April},
  year = 2008
}

@article{nobile2008,
  author = {Nobile, F. and Tempone, R. and Webster, C.},
  title = {An Anisotropic Sparse Grid Stochastic Collocation Method for Elliptic Partial Differential Equations With Random Input Data},
  journal = {SIAM Journal on Numerical Analysis},
  year = 2008,
  volume = 46,
  number = 5,
  pages = {2411--2442}
}

@article{li2008,
  author = {Li, H.S. and L\"{u}, Z.Z. and Yuan, X.K.},
  title = {Nataf Transformation Based Point Estimate Method},
  journal = {Chinese Science Bulletin},
  volume = 53,
  number = 17,
  year = 2008,
  pages = {2586--2592}
}

%
% Numerical analysis
%
@book{press2007,
  author = {Press, W. and Teukolsky, S. and Vetterling, W. and Flannery, B.},
  title = {Numerical Recipes: The Art of Scientific Computing},
  publisher = {Cambridge University Press},
  edition = {Third edition},
  year = 2007
}

@article{hochbruck2010,
  author = {Hochbruck, M. and Ostermann, A.},
  title = {Exponential Integrators},
  journal = {Acta Numerica},
  month = {May},
  year = 2010,
  volume = 19,
  pages = {209--286}
}

%
% Prior work
%
@inproceedings{juan2012,
  author = {Juan, D.-C. and Chuang, Y.-L. and Marculescu, D. and Chang, Y.-W.},
  title = {Statistical Thermal Modeling and Optimization Considering Leakage Power Variations},
  booktitle = {DATE},
  year = 2012,
  pages = {605--610}
}


%
% Our work
%
@inproceedings{ukhov2012,
  author = {Ukhov, I. and Bao, M. and Eles, P. and Peng, Z.},
  title = {Steady-state Dynamic Temperature Analysis and Reliability Optimization for Embedded Multiprocessor Systems},
  booktitle = {DAC},
  year = 2012,
  pages = {197--204}
}
